<?xml version="1.0" encoding="UTF-8" ?><marc:collection xmlns:marc="http://www.loc.gov/MARC21/slim" xmlns:xsi="http://www.w3.org/2001/XMLSchema-instance" xsi:schemaLocation="http://www.loc.gov/MARC21/slim http://www.loc.gov/standards/marcxml/schema/MARC21slim.xsd">
<marc:record><marc:leader>00855nam a2200241 i 4500</marc:leader>
<marc:controlfield tag="001">000633206</marc:controlfield>
<marc:controlfield tag="003">RuMoRGB</marc:controlfield><marc:controlfield tag="005">20000203120000.0</marc:controlfield><marc:controlfield tag="008">000017s1999    ru ||||       |00 u rus d</marc:controlfield><marc:datafield tag="017" ind1=" " ind2=" "><marc:subfield code="a">99-50296</marc:subfield><marc:subfield code="b">РКП</marc:subfield></marc:datafield><marc:datafield tag="020" ind1=" " ind2=" "><marc:subfield code="a">5-88866-057-4</marc:subfield></marc:datafield><marc:datafield tag="035" ind1=" " ind2=" "><marc:subfield code="a">(RuMoRGB)KNO-0080757</marc:subfield></marc:datafield><marc:datafield tag="040" ind1=" " ind2=" "><marc:subfield code="a">RuMoRGB</marc:subfield><marc:subfield code="b">rus</marc:subfield><marc:subfield code="c">RuMoRGB</marc:subfield></marc:datafield><marc:datafield tag="041" ind1="0" ind2=" "><marc:subfield code="a">rus</marc:subfield></marc:datafield><marc:datafield tag="084" ind1=" " ind2=" "><marc:subfield code="a">У02в,0</marc:subfield><marc:subfield code="2">rubbk</marc:subfield></marc:datafield><marc:datafield tag="100" ind1="1" ind2=" "><marc:subfield code="a">Гурова, Ирина Павловна</marc:subfield></marc:datafield><marc:datafield tag="245" ind1="0" ind2="0"><marc:subfield code="a">История метода историко-экономической науки /</marc:subfield><marc:subfield code="c">Гурова И. П.</marc:subfield></marc:datafield><marc:datafield tag="260" ind1=" " ind2=" "><marc:subfield code="a">Ульяновск</marc:subfield><marc:subfield code="c">1999</marc:subfield></marc:datafield><marc:datafield tag="300" ind1=" " ind2=" "><marc:subfield code="a">95 с.</marc:subfield><marc:subfield code="c">21 см</marc:subfield></marc:datafield><marc:datafield tag="504" ind1=" " ind2=" "><marc:subfield code="a">Библиогр.: с. 83-95</marc:subfield></marc:datafield><marc:datafield tag="650" ind1=" " ind2="7"><marc:subfield code="a">Экономика -- История экономической мысли -- Методология</marc:subfield><marc:subfield code="2">rubbk</marc:subfield></marc:datafield><marc:datafield tag="852" ind1=" " ind2=" "><marc:subfield code="a">РГБ</marc:subfield><marc:subfield code="b">FB</marc:subfield><marc:subfield code="j">1 99-12/449-3</marc:subfield><marc:subfield code="x">90</marc:subfield></marc:datafield><marc:datafield tag="852" ind1=" " ind2=" "><marc:subfield code="a">РГБ</marc:subfield><marc:subfield code="b">FB</marc:subfield><marc:subfield code="j">1 99-12/450-7</marc:subfield><marc:subfield code="x">90</marc:subfield></marc:datafield></marc:record>
</marc:collection>
